<?xml version="1.0" encoding="UTF-8"?>
<collection xmlns:xsi="http://www.w3.org/2001/XMLSchema-instance" xsi:schemaLocation="http://www.loc.gov/MARC21/slim http://www.loc.gov/standards/marcxml/schema/MARC21slim.xsd" xmlns="http://www.loc.gov/MARC21/slim">
<record>
  <leader>01082cam a22003011i 4500</leader>
  <controlfield tag="001">2598234</controlfield>
  <controlfield tag="003">NNC</controlfield>
  <controlfield tag="005">20100224195530.0</controlfield>
  <controlfield tag="008">850325s1971    iq h     b    001 0 ara d</controlfield>
  <datafield tag="035" ind1=" " ind2=" ">
    <subfield code="a">(OCoLC)44658969</subfield>
  </datafield>
  <datafield tag="035" ind1=" " ind2=" ">
    <subfield code="a">(OCoLC)ocm44658969</subfield>
  </datafield>
  <datafield tag="035" ind1=" " ind2=" ">
    <subfield code="9">AQT7803CU</subfield>
  </datafield>
  <datafield tag="035" ind1=" " ind2=" ">
    <subfield code="a">(NNC)2598234</subfield>
  </datafield>
  <datafield tag="040" ind1=" " ind2=" ">
    <subfield code="a">NN</subfield>
    <subfield code="c">NN</subfield>
  </datafield>
  <datafield tag="043" ind1=" " ind2=" ">
    <subfield code="a">a-iq---</subfield>
  </datafield>
  <datafield tag="090" ind1=" " ind2=" ">
    <subfield code="a">Z3038.M67</subfield>
    <subfield code="b">M3</subfield>
  </datafield>
  <datafield tag="100" ind1="1" ind2=" ">
    <subfield code="a">Maḥmūd, ʻIṣām Muḥammad.</subfield>
  </datafield>
  <datafield tag="245" ind1="1" ind2="0">
    <subfield code="a">Maṭbūʻāt al-Mawṣil, mundhu sanat 1861-1970 :</subfield>
    <subfield code="b">kutub kutaybāt, majallāt, ṣuḥuf, nasharāt dawrīyāt. /</subfield>
    <subfield code="c">Jamʻ wa-tartīb ʻIṣām Muḥammad Maḥmūd. Murājaʻah wa-taqdīm ʻAbd al-Ḥalīm al-Lāwand.</subfield>
  </datafield>
  <datafield tag="260" ind1=" " ind2=" ">
    <subfield code="a">al-Mawṣil :</subfield>
    <subfield code="b">Maṭbaʻat al-Jumhūr,</subfield>
    <subfield code="c">1971.</subfield>
  </datafield>
  <datafield tag="300" ind1=" " ind2=" ">
    <subfield code="a">156 p. :</subfield>
    <subfield code="b">facsims. ;</subfield>
    <subfield code="c">21 cm.</subfield>
  </datafield>
  <datafield tag="500" ind1=" " ind2=" ">
    <subfield code="a">In Arabic.</subfield>
  </datafield>
  <datafield tag="500" ind1=" " ind2=" ">
    <subfield code="a">Added t.p.: Mosul printed from 1861-1970.</subfield>
  </datafield>
  <datafield tag="504" ind1=" " ind2=" ">
    <subfield code="a">Bibliography: p. 152-153.</subfield>
  </datafield>
  <datafield tag="500" ind1=" " ind2=" ">
    <subfield code="a">Includes index.</subfield>
  </datafield>
  <datafield tag="650" ind1=" " ind2="0">
    <subfield code="a">Printing</subfield>
    <subfield code="z">Iraq</subfield>
    <subfield code="z">Mosul</subfield>
    <subfield code="x">History.</subfield>
  </datafield>
  <datafield tag="700" ind1="1" ind2=" ">
    <subfield code="a">Lāwand, ʻAbd al-Ḥalīm.</subfield>
  </datafield>
  <datafield tag="740" ind1="0" ind2=" ">
    <subfield code="a">Mosul printed from 1861-1970.</subfield>
  </datafield>
  <datafield tag="955" ind1=" " ind2=" ">
    <subfield code="b">0036762415</subfield>
    <subfield code="d">glx</subfield>
    <subfield code="e">Z3038.M67 M3</subfield>
  </datafield>
</record>
</collection>